<record><leader>00000cas a22000007a 4500</leader><controlfield tag="001">15465297</controlfield><controlfield tag="008">870331d18861889iauwr ne      0    0eng d</controlfield><datafield ind1=" " ind2=" " tag="010"><subfield code="a">sn 87058098 </subfield></datafield><datafield ind1=" " ind2=" " tag="040"><subfield code="a">INP</subfield><subfield code="b">eng</subfield><subfield code="c">INP</subfield><subfield code="d">OCLCQ</subfield></datafield><datafield ind1=" " ind2=" " tag="042"><subfield code="a">msc</subfield></datafield><datafield ind1="0" ind2="0" tag="245"><subfield code="a">Elkader weekly register.</subfield></datafield><datafield ind1="3" ind2="0" tag="246"><subfield code="a">Elkader register</subfield></datafield><datafield ind1=" " ind2=" " tag="260"><subfield code="a">Elkader, Clayton County, Iowa :</subfield><subfield code="b">Griffith &amp; Fairfield,</subfield><subfield code="c">1886-1889.</subfield></datafield><datafield ind1=" " ind2=" " tag="300"><subfield code="a">9 v.</subfield></datafield><datafield ind1=" " ind2=" " tag="310"><subfield code="a">Weekly</subfield></datafield><datafield ind1="0" ind2=" " tag="362"><subfield code="a">Vol. 9, no. 4 (Jan. 14, 1886)-v. 12, no. 45 (Oct. 24, 1889).</subfield></datafield><datafield ind1=" " ind2=" " tag="525"><subfield code="a">Includes occasional supplements.</subfield></datafield><datafield ind1=" " ind2=" " tag="752"><subfield code="a">United States</subfield><subfield code="b">Iowa</subfield><subfield code="c">Clayton</subfield><subfield code="d">Elkader.</subfield></datafield><datafield ind1="0" ind2="0" tag="780"><subfield code="t">Elkader register (Elkader, Iowa : 1878)</subfield><subfield code="w">(DLC)sn 87058097</subfield></datafield><datafield ind1="0" ind2="0" tag="785"><subfield code="t">Elkader register (Elkader, Iowa : 1889)</subfield><subfield code="w">(DLC)sn 87058099</subfield></datafield></record>